<record><leader>00000cas a22000007a 4500</leader><controlfield tag="001">19462437</controlfield><controlfield tag="008">890327d19091926couwr ne      0    0eng d</controlfield><datafield ind1=" " ind2=" " tag="010"><subfield code="a">sn 89052032 </subfield></datafield><datafield ind1=" " ind2=" " tag="040"><subfield code="a">CNQ</subfield><subfield code="b">eng</subfield><subfield code="c">CNQ</subfield><subfield code="d">OCLCQ</subfield></datafield><datafield ind1=" " ind2=" " tag="042"><subfield code="a">msc</subfield></datafield><datafield ind1="0" ind2=" " tag="130"><subfield code="a">Ault advertiser (Ault, Colo. : 1909)</subfield></datafield><datafield ind1="1" ind2="4" tag="245"><subfield code="a">The Ault advertiser.</subfield></datafield><datafield ind1=" " ind2=" " tag="260"><subfield code="a">Ault, Weld County, Colo. :</subfield><subfield code="b">G.H. Bradfield</subfield></datafield><datafield ind1=" " ind2=" " tag="300"><subfield code="a">v.</subfield></datafield><datafield ind1=" " ind2=" " tag="310"><subfield code="a">Weekly</subfield></datafield><datafield ind1="0" ind2=" " tag="362"><subfield code="a">Vol. 7, no. 1 (Oct. 29, 1909)-v. 23, no. 3 (Oct. 15, 1926).</subfield></datafield><datafield ind1=" " ind2=" " tag="530"><subfield code="a">Available on microfilm from the Colorado Historical Society.</subfield></datafield><datafield ind1=" " ind2=" " tag="752"><subfield code="a">United States</subfield><subfield code="b">Colorado</subfield><subfield code="c">Weld</subfield><subfield code="d">Ault.</subfield></datafield><datafield ind1="0" ind2="0" tag="780"><subfield code="t">Ault advertiser and the Ault record</subfield><subfield code="w">(DLC)sn 91052684</subfield></datafield><datafield ind1="0" ind2="0" tag="785"><subfield code="t">Ault booster (and the Ault advertiser)</subfield><subfield code="w">(DLC)sn 91052632</subfield></datafield></record>